@Manual{R2022,
     title = {R: A Language and Environment for Statistical Computing},
     author = {{R Core Team}},
     organization = {R Foundation for Statistical Computing},
     address = {Vienna, Austria},
     year = {2022},
     url = {https://www.R-project.org/},
   }


%Effects of formula-feeding on mouse intestines
@article{Rao2022,
  doi = {10.3389/fped.2022.902798},
  url = {https://doi.org/10.3389/fped.2022.902798},
  year = {2022},
  month = jul,
  publisher = {Frontiers Media {SA}},
  volume = {10},
  author = {Karishma Rao and Alain Cuna and Susana Chavez-Bueno and Heather Menden and Wei Yu and Ishfaq Ahmed and Pugazhendhi Srinivasan and Shahid Umar and Venkatesh Sampath},
  title = {Effect of Various Preterm Infant Milk Formulas on {NEC}-Like Gut Injury in Mice},
  journal = {Frontiers in Pediatrics}
}

%Anders' paper on FFT against NEC.
@article{Brunse2021,
  doi = {10.1038/s41396-021-01107-5},
  url = {https://doi.org/10.1038/s41396-021-01107-5},
  year = {2021},
  month = sep,
  publisher = {Springer Science and Business Media {LLC}},
  volume = {16},
  number = {3},
  pages = {686--694},
  author = {Anders Brunse and Ling Deng and Xiaoyu Pan and Yan Hui and Josue L. Castro-Mejia and Witold Kot and Duc Ninh Nguyen and Jan Bojsen-M{\o}ller Secher and Dennis Sandris Nielsen and Thomas Thymann},
  title = {Fecal filtrate transplantation protects against necrotizing enterocolitis},
  journal = {The {ISME} Journal}
}
%Maternal antibiotics affects offspring microbiome
@article{Chen2021,
  doi = {10.3389/fmicb.2021.684233},
  url = {https://doi.org/10.3389/fmicb.2021.684233},
  year = {2021},
  month = jun,
  publisher = {Frontiers Media {SA}},
  volume = {12},
  author = {Chung-Ming Chen and Hsiu-Chu Chou and Yu-Chen S. H. Yang},
  title = {Maternal Antibiotic Treatment Disrupts the Intestinal Microbiota and Intestinal Development in Neonatal Mice},
  journal = {Frontiers in Microbiology}
}

@article{Alsaied2020,
  doi = {10.1186/s12887-020-02231-5},
  url = {https://doi.org/10.1186/s12887-020-02231-5},
  year = {2020},
  month = jul,
  publisher = {Springer Science and Business Media {LLC}},
  volume = {20},
  number = {1},
  author = {Amer Alsaied and Nazmul Islam and Lukman Thalib},
  title = {Global incidence of Necrotizing Enterocolitis: a systematic review and Meta-analysis},
  journal = {{BMC} Pediatrics}
}

% Color deconvolution plugin for image analysis
@article{Landini2020,
  doi = {10.1093/bioinformatics/btaa847},
  url = {https://doi.org/10.1093/bioinformatics/btaa847},
  year = {2020},
  month = nov,
  publisher = {Oxford University Press ({OUP})},
  volume = {37},
  number = {10},
  pages = {1485--1487},
  author = {Gabriel Landini and Giovanni Martinelli and Filippo Piccinini},
  editor = {Jinbo Xu},
  title = {Colour deconvolution: stain unmixing in histological imaging},
  journal = {Bioinformatics}
}

%Leel of MUC and Tight junction are severely suppressed in neonates with NEC.
@article{Liu2020,
  doi = {10.1055/s-0040-1710558},
  url = {https://doi.org/10.1055/s-0040-1710558},
  year = {2020},
  month = may,
  publisher = {Georg Thieme Verlag {KG}},
  volume = {38},
  number = {11},
  pages = {1174--1180},
  author = {Dong Liu and Yanzhen Xu and Jinxing Feng and Jialin Yu and Jinjie Huang and Zhiguang Li},
  title = {Mucins and Tight Junctions are Severely Altered in Necrotizing Enterocolitis Neonates},
  journal = {American Journal of Perinatology}
}

%Animal models overview
@article{Mendez2020,
  doi = {10.1136/wjps-2020-000109},
  url = {https://doi.org/10.1136/wjps-2020-000109},
  year = {2020},
  month = mar,
  publisher = {{BMJ}},
  volume = {3},
  number = {1},
  pages = {e000109},
  author = {Yomara Stephanie Mendez and Faraz A Khan and Gregory Van Perrier and Andrei Radulescu},
  title = {Animal models of necrotizing enterocolitis},
  journal = {World Journal of Pediatric Surgery}
}

%Definitions of NEC.
@article{Patel2020,
  doi = {10.1038/s41390-020-1074-4},
  url = {https://doi.org/10.1038/s41390-020-1074-4},
  year = {2020},
  month = aug,
  publisher = {Springer Science and Business Media {LLC}},
  volume = {88},
  number = {S1},
  pages = {10--15},
  author = {Ravi Mangal Patel and Joanne Ferguson and Steven J. McElroy and Minesh Khashu and Michael S. Caplan},
  title = {Defining necrotizing enterocolitis: current difficulties and future opportunities},
  journal = {Pediatric Research}
}
%Extracting VIRUSES from fecal samples for FVT.
@article{Deng2019,
  doi = {10.3390/v11070667},
  url = {https://doi.org/10.3390/v11070667},
  year = {2019},
  month = jul,
  publisher = {{MDPI} {AG}},
  volume = {11},
  number = {7},
  pages = {667},
  author = {Ling Deng and Ronalds Silins and Josu{\'{e}} L. Castro-Mej{\'{\i}}a and Witold Kot and Leon Jessen and Jonathan Thorsen and Shiraz Shah and Jakob Stokholm and Hans Bisgaard and Sylvain Moineau and Dennis Sandris Nielsen},
  title = {A Protocol for Extraction of Infective Viromes Suitable for Metagenomics Sequencing from Low Volume Fecal Samples},
  journal = {Viruses}
}

% Study of FITC-Dextran transit time and optimal blood sampling time.
@article{Woting2018,
  doi = {10.3390/nu10060685},
  url = {https://doi.org/10.3390/nu10060685},
  year = {2018},
  month = may,
  publisher = {{MDPI} {AG}},
  volume = {10},
  number = {6},
  pages = {685},
  author = {Anni Woting and Michael Blaut},
  title = {Small Intestinal Permeability and Gut-Transit Time Determined with Low and High Molecular Weight Fluorescein Isothiocyanate-Dextrans in C3H Mice},
  journal = {Nutrients}
}
% Risk factors for NEC.
@article{Samuels2017,
  doi = {10.1186/s12887-017-0847-3},
  url = {https://doi.org/10.1186/s12887-017-0847-3},
  year = {2017},
  month = apr,
  publisher = {Springer Science and Business Media {LLC}},
  volume = {17},
  number = {1},
  author = {Noor Samuels and Rob A. van de Graaf and Rogier C. J. de Jonge and Irwin K. M. Reiss and Marijn J. Vermeulen},
  title = {Risk factors for necrotizing enterocolitis in neonates: a systematic review of prognostic studies},
  journal = {{BMC} Pediatrics}
}

%Bacteriophages manipulate bacterial disease
@article{Ott2017,
  doi = {10.1053/j.gastro.2016.11.010},
  url = {https://doi.org/10.1053/j.gastro.2016.11.010},
  year = {2017},
  month = mar,
  publisher = {Elsevier {BV}},
  volume = {152},
  number = {4},
  pages = {799--811.e7},
  author = {Stephan J. Ott and Georg H. Waetzig and Ateequr Rehman and Jacqueline Moltzau-Anderson and Richa Bharti and Juris A. Grasis and Liam Cassidy and Andreas Tholey and Helmut Fickenscher and Dirk Seegert and Philip Rosenstiel and Stefan Schreiber},
  title = {Efficacy of Sterile Fecal Filtrate Transfer for Treating Patients With Clostridium difficile Infection},
  journal = {Gastroenterology}
}
%The human Gut Microbiome
@article{Lynch2016,
  doi = {10.1056/nejmra1600266},
  url = {https://doi.org/10.1056/nejmra1600266},
  year = {2016},
  month = dec,
  publisher = {Massachusetts Medical Society},
  volume = {375},
  number = {24},
  pages = {2369--2379},
  author = {Susan V. Lynch and Oluf Pedersen},
  editor = {Elizabeth G. Phimister},
  title = {The Human Intestinal Microbiome in Health and Disease},
  journal = {New England Journal of Medicine}
}

% New insights into the etiology of NEC: prematurity, bacterial colonization and formula feeds are key risks. TLR4 expression caues inflammation
@article{Nio2016,
  doi = {10.1038/nrgastro.2016.119},
  url = {https://doi.org/10.1038/nrgastro.2016.119},
  year = {2016},
  month = aug,
  publisher = {Springer Science and Business Media {LLC}},
  volume = {13},
  number = {10},
  pages = {590--600},
  author = {Diego F. Ni{\~{n}}o and Chhinder P. Sodhi and David J. Hackam},
  title = {Necrotizing enterocolitis: new insights into pathogenesis and mechanisms},
  journal = {Nature Reviews Gastroenterology and Hepatology}
}

%MUC1 role in inflammation
@article{Ng2016,
  doi = {10.1038/gene.2016.10},
  url = {https://doi.org/10.1038/gene.2016.10},
  year = {2016},
  month = mar,
  publisher = {Springer Science and Business Media {LLC}},
  volume = {17},
  number = {3},
  pages = {203--206},
  author = {G Z Ng and P Sutton},
  title = {The {MUC}1 mucin specifically inhibits activation of the {NLRP}3 inflammasome},
  journal = {Genes and Immunity}
}

@article{Wilkinson2016,
  doi = {10.1038/sdata.2016.18},
  url = {https://doi.org/10.1038/sdata.2016.18},
  year = {2016},
  month = mar,
  publisher = {Springer Science and Business Media {LLC}},
  volume = {3},
  number = {1},
  author = {Mark D. Wilkinson and Michel Dumontier and IJsbrand Jan Aalbersberg and Gabrielle Appleton and Myles Axton and Arie Baak and Niklas Blomberg and Jan-Willem Boiten and Luiz Bonino da Silva Santos and Philip E. Bourne and Jildau Bouwman and Anthony J. Brookes and Tim Clark and MerceCrosas and Ingrid Dillo and Olivier Dumon and Scott Edmunds and Chris T. Evelo and Richard Finkers and Alejandra Gonzalez-Beltran and Alasdair J.G. Gray and Paul Groth and Carole Goble and Jeffrey S. Grethe and Jaap Heringa and Peter A.C 't Hoen and Rob Hooft and Tobias Kuhn and Ruben Kok and Joost Kok and Scott J. Lusher and Maryann E. Martone and Albert Mons and Abel L. Packer and Bengt Persson and Philippe Rocca-Serra and Marco Roos and Rene van Schaik and Susanna-Assunta Sansone and Erik Schultes and Thierry Sengstag and Ted Slater and George Strawn and Morris A. Swertz and Mark Thompson and Johan van der Lei and Erik van Mulligen and Jan Velterop and Andra Waagmeester and Peter Wittenburg and Katherine Wolstencroft and Jun Zhao and Barend Mons},
  title = {The {FAIR} Guiding Principles for scientific data management and stewardship},
  journal = {Scientific Data}
}

%
@article{Elfvin2015,
  doi = {10.1111/apa.12997},
  url = {https://doi.org/10.1111/apa.12997},
  year = {2015},
  month = apr,
  publisher = {Wiley},
  volume = {104},
  number = {8},
  pages = {771--776},
  author = {Anders Elfvin and Elsa Dinsdale and Paul W. Wales and Aideen M. Moore},
  title = {Low birthweight,  gestational age,  need for surgical intervention and gram-negative bacteraemia predict intestinal failure following necrotising enterocolitis},
  journal = {Acta Paediatrica}
}
%Surgical practices used for treating NEC infants.
@article{Stoll2015,
  doi = {10.1001/jama.2015.10244},
  url = {https://doi.org/10.1001/jama.2015.10244},
  year = {2015},
  month = sep,
  publisher = {American Medical Association ({AMA})},
  volume = {314},
  number = {10},
  pages = {1039},
  author = {Barbara J. Stoll and Nellie I. Hansen and Edward F. Bell and Michele C. Walsh and Waldemar A. Carlo and Seetha Shankaran and Abbot R. Laptook and Pablo J. S{\'{a}}nchez and Krisa P. Van Meurs and Myra Wyckoff and Abhik Das and Ellen C. Hale and M. Bethany Ball and Nancy S. Newman and Kurt Schibler and Brenda B. Poindexter and Kathleen A. Kennedy and C. Michael Cotten and Kristi L. Watterberg and Carl T. D'Angio and Sara B. DeMauro and William E. Truog and Uday Devaskar and Rosemary D. Higgins},
  title = {Trends in Care Practices,  Morbidity,  and Mortality of Extremely Preterm Neonates,  1993-2012},
  journal = {{JAMA}}
}
%Intestinal permeability and antibiotics in rats
@article{Tulstrup2015,
  doi = {10.1371/journal.pone.0144854},
  url = {https://doi.org/10.1371/journal.pone.0144854},
  year = {2015},
  month = dec,
  publisher = {Public Library of Science ({PLoS})},
  volume = {10},
  number = {12},
  pages = {e0144854},
  author = {Monica Vera-Lise Tulstrup and Ellen Gerd Christensen and Vera Carvalho and Caroline Linninge and Siv Ahrn{\'{e}} and Ole H{\o}jberg and Tine Rask Licht and Martin Iain Bahl},
  editor = {Gunnar Loh},
  title = {Antibiotic Treatment Affects Intestinal Permeability and Gut Microbial Composition in Wistar Rats Dependent on Antibiotic Class},
  journal = {{PLOS} {ONE}}
}
%FITC-protocol
@article{Gupta2014,
  doi = {10.21769/bioprotoc.1289},
  url = {https://doi.org/10.21769/bioprotoc.1289},
  year = {2014},
  publisher = {Bio-Protocol,  {LLC}},
  volume = {4},
  number = {22},
  author = {Jalaj Gupta and Angel Nebreda},
  title = {Analysis of Intestinal Permeability in Mice},
  journal = {{BIO}-{PROTOCOL}}
}
%Review of the role of TLR4 signaling in the development of NEC.
@article{Hackam2014,
  doi = {10.1016/j.pathophys.2013.11.007},
  url = {https://doi.org/10.1016/j.pathophys.2013.11.007},
  year = {2014},
  month = feb,
  publisher = {Elsevier {BV}},
  volume = {21},
  number = {1},
  pages = {81--93},
  author = {Peng Lu and Chhinder P. Sodhi and David J. Hackam},
  title = {Toll-like receptor regulation of intestinal development and inflammation in the pathogenesis of necrotizing enterocolitis},
  journal = {Pathophysiology}
}
%Gut microbiota dysbiosis in nec
@article{Lawn2014,
  doi = {10.1016/s0140-6736(14)60496-7},
  url = {https://doi.org/10.1016/s0140-6736(14)60496-7},
  year = {2014},
  month = jul,
  publisher = {Elsevier {BV}},
  volume = {384},
  number = {9938},
  pages = {189--205},
  author = {Joy E Lawn and Hannah Blencowe and Shefali Oza and Danzhen You and Anne CC Lee and Peter Waiswa and Marek Lalli and Zulfiqar Bhutta and Aluisio JD Barros and Parul Christian and Colin Mathers and Simon N Cousens},
  title = {Every Newborn: progress,  priorities,  and potential beyond survival},
  journal = {The Lancet}
}

%MUC2 is the most secreted mucin in the mouse intestine.
@article{Ermund2013,
  doi = {10.1152/ajpgi.00046.2013},
  url = {https://doi.org/10.1152/ajpgi.00046.2013},
  year = {2013},
  month = sep,
  publisher = {American Physiological Society},
  volume = {305},
  number = {5},
  pages = {G341--G347},
  author = {Anna Ermund and Andr{\'{e}} Sch\"{u}tte and Malin E. V. Johansson and Jenny K. Gustafsson and Gunnar C. Hansson},
  title = {Studies of mucus in mouse stomach,  small intestine,  and colon. I. Gastrointestinal mucus layers have different properties depending on location as well as over the Peyer{\textquotesingle}s patches},
  journal = {American Journal of Physiology-Gastrointestinal and Liver Physiology}
}

%How TLR4 receptor and Hsp70 are involved in NEC.
@article{Hackam2013,
  doi = {10.1155/2013/475415},
  url = {https://doi.org/10.1155/2013/475415},
  year = {2013},
  publisher = {Hindawi Limited},
  volume = {2013},
  pages = {1--10},
  author = {David J. Hackam and Amin Afrazi and Misty Good and Chhinder P. Sodhi},
  title = {Innate Immune Signaling in the Pathogenesis of Necrotizing Enterocolitis},
  journal = {Clinical and Developmental Immunology}
}
%Review of mucins and their role in health and disease
@article{Johansson2013,
  doi = {10.1038/nrgastro.2013.35},
  url = {https://doi.org/10.1038/nrgastro.2013.35},
  year = {2013},
  month = mar,
  publisher = {Springer Science and Business Media {LLC}},
  volume = {10},
  number = {6},
  pages = {352--361},
  author = {Malin E. V. Johansson and Henrik Sj\"{o}vall and Gunnar C. Hansson},
  title = {The gastrointestinal mucus system in health and disease},
  journal = {Nature Reviews Gastroenterology and Hepatology}
}

%Non-human primate studies of NEC. Babbons treated with ventilation, interal feed and antibiotics.
@article{Namachivayam2013,
  doi = {10.1152/ajpgi.00141.2012},
  url = {https://doi.org/10.1152/ajpgi.00141.2012},
  year = {2013},
  month = jan,
  publisher = {American Physiological Society},
  volume = {304},
  number = {2},
  pages = {G167--G180},
  author = {Kopperuncholan Namachivayam and Cynthia L. Blanco and Krishnan MohanKumar and Ramasamy Jagadeeswaran and Margarita Vasquez and Lisa McGill-Vargas and Steven A. Garzon and Sunil K. Jain and Ravinder K. Gill and Nancy E. Freitag and J\"{o}rn-Hendrik Weitkamp and Steven R. Seidner and Akhil Maheshwari},
  title = {Smad7 inhibits autocrine expression of TGFb in intestinal epithelial cells in baboon necrotizing enterocolitis},
  journal = {American Journal of Physiology-Gastrointestinal and Liver Physiology}
}
%Survival rates of NEC patients.
@article{Papillon2013,
  doi = {10.1016/j.yapd.2013.04.011},
  url = {https://doi.org/10.1016/j.yapd.2013.04.011},
  year = {2013},
  month = jan,
  publisher = {Elsevier {BV}},
  volume = {60},
  number = {1},
  pages = {263--279},
  author = {Stephanie Papillon and Shannon L. Castle and Christopher~P. Gayer and Henri R. Ford},
  title = {Necrotizing Enterocolitis},
  journal = {Advances in Pediatrics}
}

% Clinical course of nec development - from healty to sick baby
@article{Sharma2013,
  doi = {10.1016/j.clp.2012.12.012},
  url = {https://doi.org/10.1016/j.clp.2012.12.012},
  year = {2013},
  month = mar,
  publisher = {Elsevier {BV}},
  volume = {40},
  number = {1},
  pages = {27--51},
  author = {Renu Sharma and Mark Lawrence Hudak},
  title = {A Clinical Perspective of Necrotizing Enterocolitis},
  journal = {Clinics in Perinatology}
}

%MUC1 halts inflammation by regulating TLR4
@article{Kyo2012,
  doi = {10.1165/rcmb.2011-0142oc},
  url = {https://doi.org/10.1165/rcmb.2011-0142oc},
  year = {2012},
  month = feb,
  publisher = {American Thoracic Society},
  volume = {46},
  number = {2},
  pages = {149--156},
  author = {Yoshiyuki Kyo and Kosuke Kato and Yong Sung Park and Sachin Gajhate and Tsuyoshi Umehara and Erik P. Lillehoj and Harumi Suzaki and Kwang Chul Kim},
  title = {Antiinflammatory Role of {MUC}1 Mucin during Infection with Nontypeable Haemophilus influenzae},
  journal = {American Journal of Respiratory Cell and Molecular Biology}
}

%FIJI reference
@article{Schindelin2012,
  doi = {10.1038/nmeth.2019},
  url = {https://doi.org/10.1038/nmeth.2019},
  year = {2012},
  month = jun,
  publisher = {Springer Science and Business Media {LLC}},
  volume = {9},
  number = {7},
  pages = {676--682},
  author = {Johannes Schindelin and Ignacio Arganda-Carreras and Erwin Frise and Verena Kaynig and Mark Longair and Tobias Pietzsch and Stephan Preibisch and Curtis Rueden and Stephan Saalfeld and Benjamin Schmid and Jean-Yves Tinevez and Daniel James White and Volker Hartenstein and Kevin Eliceiri and Pavel Tomancak and Albert Cardona},
  title = {Fiji: an open-source platform for biological-image analysis},
  journal = {Nature Methods}
}

% Finding shorter presentation time of disease in older infants.
@article{Yee2012,
  doi = {10.1542/peds.2011-2022},
  url = {https://doi.org/10.1542/peds.2011-2022},
  year = {2012},
  month = feb,
  publisher = {American Academy of Pediatrics ({AAP})},
  volume = {129},
  number = {2},
  pages = {e298--e304},
  author = {Wendy H. Yee and Amuchou Singh Soraisham and Vibhuti S. Shah and Khalid Aziz and Woojin Yoon and Shoo K. Lee and},
  title = {Incidence and Timing of Presentation of Necrotizing Enterocolitis in Preterm Infants},
  journal = {Pediatrics}
}

% Evaluation of the importance of hypoxia in human NEC.
@article{Young2011,
  doi = {10.1016/j.jpeds.2010.11.009},
  url = {https://doi.org/10.1016/j.jpeds.2010.11.009},
  year = {2011},
  month = feb,
  publisher = {Elsevier {BV}},
  volume = {158},
  number = {2},
  pages = {e25--e28},
  author = {Christopher M. Young and Sandra D.K. Kingma and Josef Neu},
  title = {Ischemia-Reperfusion and Neonatal Intestinal Injury},
  journal = {The Journal of Pediatrics}
}
%How REG3G is released by TLR4 stimulation.
@article{Abreu2010,
  doi = {10.1038/nri2707},
  url = {https://doi.org/10.1038/nri2707},
  year = {2010},
  month = feb,
  publisher = {Springer Science and Business Media {LLC}},
  volume = {10},
  number = {2},
  pages = {131--144},
  author = {Maria T. Abreu},
  title = {Toll-like receptor signalling in the intestinal epithelium: how bacterial recognition shapes intestinal function},
  journal = {Nature Reviews Immunology}
}
%MUC1 and TLR4 signalling.
@article{Guang2010,
  doi = {10.1074/jbc.m110.121319},
  url = {https://doi.org/10.1074/jbc.m110.121319},
  year = {2010},
  month = jul,
  publisher = {Elsevier {BV}},
  volume = {285},
  number = {27},
  pages = {20547--20557},
  author = {Wei Guang and Hua Ding and Steven J. Czinn and K. Chul Kim and Thomas G. Blanchard and Erik P. Lillehoj},
  title = {Muc1 Cell Surface Mucin Attenuates Epithelial Inflammation in Response to a Common Mucosal Pathogen},
  journal = {Journal of Biological Chemistry}
}

%Effect of formula-feeding on the development of gut maturity
@article{LeHurouLuron2010,
  doi = {10.1017/s0954422410000065},
  url = {https://doi.org/10.1017/s0954422410000065},
  year = {2010},
  month = may,
  publisher = {Cambridge University Press ({CUP})},
  volume = {23},
  number = {1},
  pages = {23--36},
  author = {Isabelle Le Huërou-Luron and Sophie Blat and Gaëlle Boudry},
  title = {Breast vs. formula-feeding formula-feeding: impacts on the digestive tract and immediate and long-term health effects},
  journal = {Nutrition Research Reviews}
}

%Classicfication of NEC using Bell Stage
@misc{Sheikh2010,
  doi = {10.53347/rid-8456},
  url = {https://doi.org/10.53347/rid-8456},
  year = {2010},
  month = feb,
  publisher = {Radiopaedia.org},
  author = {Yusra Sheikh and Frank Gaillard},
  title = {Necrotising enterocolitis (staging)}
}
% Overview of current animal models.
@article{Sodhi2008,
  doi = {10.1242/dmm.000315},
  url = {https://doi.org/10.1242/dmm.000315},
  year = {2008},
  month = sep,
  publisher = {The Company of Biologists},
  volume = {1},
  number = {2-3},
  pages = {94--98},
  author = {Chhinder Sodhi and Ward Richardson and Steven Gribar and David J. Hackam},
  title = {The development of animal models for the study of necrotizing enterocolitis},
  journal = {Disease Models and Mechanisms}
}

@article{Grave2007,
  doi = {10.1203/pdr.0b013e318142580a},
  url = {https://doi.org/10.1203/pdr.0b013e318142580a},
  year = {2007},
  month = oct,
  publisher = {Springer Science and Business Media {LLC}},
  volume = {62},
  number = {4},
  pages = {510--514},
  author = {Gilman D Grave and Stefanie A Nelson and W Allan Walker and R Lawrence Moss and Bohuslav Dvorak and Frank A Hamilton and Rosemary Higgins and Tonse N K Raju},
  title = {New Therapies and Preventive Approaches for Necrotizing Enterocolitis: Report of a Research Planning Workshop},
  journal = {Pediatric Research}
}

%MUC1 role as barrier to infection
@article{McAuley2007,
  doi = {10.1172/jci26705},
  url = {https://doi.org/10.1172/jci26705},
  year = {2007},
  month = aug,
  publisher = {American Society for Clinical Investigation},
  volume = {117},
  number = {8},
  pages = {2313--2324},
  author = {Julie L. McAuley and Sara K. Linden and Chin Wen Png and Rebecca M. King and Helen L. Pennington and Sandra J. Gendler and Timothy H. Florin and Geoff R. Hill and Victoria Korolik and Michael A. McGuckin},
  title = {{MUC}1 cell surface mucin is a critical element of the mucosal barrier to infection},
  journal = {Journal of Clinical Investigation}
}

% Following birth, preterm piglets go through a period of natural hypoxia/hypothermia, and then are formula fed to induce injury.
@article{Sangild2006,
  doi = {10.1053/j.gastro.2006.02.026},
  url = {https://doi.org/10.1053/j.gastro.2006.02.026},
  year = {2006},
  month = may,
  publisher = {Elsevier {BV}},
  volume = {130},
  number = {6},
  pages = {1776--1792},
  author = {Per T. Sangild and Richard H. Siggers and Mette Schmidt and Jan Elnif and Charlotte R. Bjornvad and Thomas Thymann and Marie L. Grondahl and Axel K. Hansen and Soeren K. Jensen and Mette Boye and Lars Moelbak and Randal K. Buddington and Bj\"{o}rn R. Westr\"{o}m and Jens J. Holst and Douglas G. Burrin},
  title = {Diet- and Colonization-Dependent Intestinal Dysfunction Predisposes to Necrotizing Enterocolitis in Preterm Pigs},
  journal = {Gastroenterology}
}

%MUC-2 deficient mice develop colitis spontaneously
@article{VanderSluis2006,
  doi = {10.1053/j.gastro.2006.04.020},
  url = {https://doi.org/10.1053/j.gastro.2006.04.020},
  year = {2006},
  month = jul,
  publisher = {Elsevier {BV}},
  volume = {131},
  number = {1},
  pages = {117--129},
  author = {Maria Van der Sluis and Barbara A.E. De Koning and Adrianus C.J.M. De Bruijn and Anna Velcich and Jules P.P. Meijerink and Johannes B. Van Goudoever and Hans A. B\"{u}ller and Jan Dekker and Isabelle Van Seuningen and Ingrid B. Renes and Alexandra W.C. Einerhand},
  title = {Muc2-Deficient Mice Spontaneously Develop Colitis,  Indicating That {MUC}2 Is Critical for Colonic Protection},
  journal = {Gastroenterology}
}
%Quail model
@article{Waligora2005,
  doi = {10.1203/01.pdr.0000180538.13142.84},
  url = {https://doi.org/10.1203/01.pdr.0000180538.13142.84},
  year = {2005},
  month = oct,
  publisher = {Springer Science and Business Media {LLC}},
  volume = {58},
  number = {4},
  pages = {629--635},
  author = {Anne-Judith Waligora-Dupriet and Annabelle Dugay and Nicolas Auzeil and Michel Huerre and Marie-Jos{\'{e}} Butel},
  title = {Evidence for Clostridial Implication in Necrotizing Enterocolitis through Bacterial Fermentation in a Gnotobiotic Quail Model},
  journal = {Pediatric Research}
}

%Delta-delta method for qpcr.
@article{Livak2001,
  doi = {10.1006/meth.2001.1262},
  url = {https://doi.org/10.1006/meth.2001.1262},
  year = {2001},
  month = dec,
  publisher = {Elsevier {BV}},
  volume = {25},
  number = {4},
  pages = {402--408},
  author = {Kenneth J. Livak and Thomas D. Schmittgen},
  title = {Analysis of Relative Gene Expression Data Using Real-Time Quantitative {PCR} and the 2-Delta-Delta-CT Method},
  journal = {Methods}
}

%Bell stages for NEC definition
@article{BELL1978,
  doi = {10.1097/00000658-197801000-00001},
  url = {https://doi.org/10.1097/00000658-197801000-00001},
  year = {1978},
  month = jan,
  publisher = {Ovid Technologies (Wolters Kluwer Health)},
  volume = {187},
  number = {1},
  pages = {1--7},
  author = {MARTIN J. BELL and JESSIE L. TERNBERG and RALPH D. FEIGIN and JAMES P. KEATING and RICHARD MARSHALL and LESLIE BARTON and THOMAS BROTHERTON},
  title = {Neonatal Necrotizing Enterocolitis},
  journal = {Annals of Surgery}
}

%1975 study finding breastmilk important for gut health
@article{Barlow1974,
  doi = {10.1016/0022-3468(74)90093-1},
  url = {https://doi.org/10.1016/0022-3468(74)90093-1},
  year = {1974},
  month = oct,
  publisher = {Elsevier {BV}},
  volume = {9},
  number = {5},
  pages = {587--595},
  author = {Barbara Barlow and Thomas V. Santulli and William C. Heird and Jane Pitt and William A. Blanc and John N. Schullinger},
  title = {An experimental study of acute neonatal enterocolitis{\textemdash}the importance of breast milk},
  journal = {Journal of Pediatric Surgery}
}
